@misc{
    ref_example,
    title = {参考文献示例}
}
